<?xml version="1.0" encoding="UTF-8"?><collection xmlns="http://www.loc.gov/MARC21/slim"><record><leader>00501nam--2200169-i-4500</leader><controlfield tag="001">000009163</controlfield><controlfield tag="002">20161230</controlfield><controlfield tag="005">20170115013408</controlfield><controlfield tag="008">060222s1000------------r-----000-0-eng-d</controlfield><datafield ind1=" " ind2=" " tag="080"><subfield code="a">539.L26.34:530.1</subfield></datafield><datafield ind1=" " ind2=" " tag="100"><subfield code="a">Aasmundstad, Torbjorn</subfield></datafield><datafield ind1=" " ind2=" " tag="245"><subfield code="a">Pi-meson pi-meson scattering phase shifts analysed by forward dispersion relations</subfield></datafield><datafield ind1=" " ind2=" " tag="260"><subfield code="a">Kobenhavn</subfield><subfield code="b">Nordisk Institut For Teoretisk Atomfysik</subfield><subfield code="c">1968</subfield></datafield><datafield ind1=" " ind2=" " tag="300"><subfield code="a">/120-134 p.</subfield></datafield><datafield ind1=" " ind2=" " tag="490"><subfield code="a">297</subfield></datafield><datafield ind1=" " ind2=" " tag="852"><subfield code="a">16415</subfield></datafield><datafield ind1=" " ind2=" " tag="CAT"><subfield code="a">SYS</subfield><subfield code="c">20170115</subfield><subfield code="h">013408</subfield></datafield></record></collection>